

@ARTICLE{1966MNRAS.133...67B,
   author = {{Burn}, B.~J.},
    title = "{On the depolarization of discrete radio sources by Faraday dispersion}",
  journal = {\mnras},
     year = 1966,
   volume = 133,
    pages = {67},
      doi = {10.1093/mnras/133.1.67},
   adsurl = {https://ui.adsabs.harvard.edu/abs/1966MNRAS.133...67B},
  adsnote = {Provided by the SAO/NASA Astrophysics Data System}
}


@ARTICLE{2005A&A...441.1217B,
       author = {{Brentjens}, M.~A. and {de Bruyn}, A.~G.},
        title = "{Faraday rotation measure synthesis}",
      journal = {\aap},
     keywords = {methods: data analysis, techniques: polarimetric, magnetic fields, polarization, ISM: magnetic fields, Cosmology: large-scale structure of Universe, Astrophysics},
         year = "2005",
        month = "Oct",
       volume = {441},
       number = {3},
        pages = {1217-1228},
          doi = {10.1051/0004-6361:20052990},
archivePrefix = {arXiv},
       eprint = {astro-ph/0507349},
 primaryClass = {astro-ph},
       adsurl = {https://ui.adsabs.harvard.edu/abs/2005A&A...441.1217B},
      adsnote = {Provided by the SAO/NASA Astrophysics Data System}
}

@INPROCEEDINGS{2009IAUS..259..591H,
       author = {{Heald}, George},
        title = "{The Faraday rotation measure synthesis technique}",
     keywords = {Magnetic fields, polarization, methods: data analysis, techniques: polarimetric},
    booktitle = {Cosmic Magnetic Fields: From Planets, to Stars and Galaxies},
         year = "2009",
       editor = {{Strassmeier}, Klaus G. and {Kosovichev}, Alexander G. and
         {Beckman}, John E.},
       series = {IAU Symposium},
       volume = {259},
        month = "Apr",
        pages = {591-602},
          doi = {10.1017/S1743921309031421},
       adsurl = {https://ui.adsabs.harvard.edu/abs/2009IAUS..259..591H},
      adsnote = {Provided by the SAO/NASA Astrophysics Data System}
}

@article{Sun_2015,
	doi = {10.1088/0004-6256/149/2/60},
	url = {https://doi.org/10.1088%2F0004-6256%2F149%2F2%2F60},
	year = 2015,
	month = {jan},
	publisher = {{IOP} Publishing},
	volume = {149},
	number = {2},
	pages = {60},
	author = {X. H. Sun and L. Rudnick and Takuya Akahori and C. S. Anderson and M. R. Bell and J. D. Bray and J. S. Farnes and S. Ideguchi and K. Kumazaki and T. O'Brien and S. P. O'Sullivan and A. M. M. Scaife and R. Stepanov and J. Stil and K. Takahashi and R. J. van Weeren and M. Wolleben},
	title = {{COMPARISON} {OF} {ALGORITHMS} {FOR} {DETERMINATION} {OF} {ROTATION} {MEASURE} {AND} {FARADAY} {STRUCTURE}. I. 1100{\textendash}1400 {MHZ}},
	journal = {The Astronomical Journal},
	abstract = {.}
}

@article{10.1111/j.1365-2966.2012.20554.x,
    author = {O'Sullivan, S. P. and Brown, S. and Robishaw, T. and Schnitzeler, D. H. F. M. and McClure‐Griffiths, N. M. and Feain, I. J. and Taylor, A. R. and Gaensler, B. M. and Landecker, T. L. and Harvey‐Smith, L. and Carretti, E.},
    title = "{Complex Faraday depth structure of active galactic nuclei as revealed by broad‐band radio polarimetry}",
    journal = {Monthly Notices of the Royal Astronomical Society},
    volume = {421},
    number = {4},
    pages = {3300-3315},
    year = {2012},
    month = {04},
    abstract = "{.}",
    issn = {0035-8711},
    doi = {10.1111/j.1365-2966.2012.20554.x},
    url = {https://doi.org/10.1111/j.1365-2966.2012.20554.x},
    eprint = {http://oup.prod.sis.lan/mnras/article-pdf/421/4/3300/3821486/mnras0421-3300.pdf},
}

@article{Farnsworth_2011,
	doi = {10.1088/0004-6256/141/6/191},
	url = {https://doi.org/10.1088%2F0004-6256%2F141%2F6%2F191},
	year = 2011,
	month = {may},
	publisher = {{IOP} Publishing},
	volume = {141},
	number = {6},
	pages = {191},
	author = {Damon Farnsworth and Lawrence Rudnick and Shea Brown},
	title = {{INTEGRATED} {POLARIZATION} {OF} {SOURCES} {AT} $\uplambda$ $\sim$ 1 m {AND} {NEW} {ROTATION} {MEASURE} {AMBIGUITIES}},
	journal = {The Astronomical Journal},
	abstract = {.}
}

@ARTICLE{2014ApJ...792...51I,
       author = {{Ideguchi}, Shinsuke and {Tashiro}, Yuichi and {Akahori}, Takuya and
         {Takahashi}, Keitaro and {Ryu}, Dongsu},
        title = "{Faraday Dispersion Functions of Galaxies}",
      journal = {\apj},
     keywords = {galaxies: magnetic fields, galaxies: structure, polarization, techniques: polarimetric, Astrophysics - Astrophysics of Galaxies},
         year = "2014",
        month = "Sep",
       volume = {792},
       number = {1},
          eid = {51},
        pages = {51},
          doi = {10.1088/0004-637X/792/1/51},
archivePrefix = {arXiv},
       eprint = {1407.0098},
 primaryClass = {astro-ph.GA},
       adsurl = {https://ui.adsabs.harvard.edu/abs/2014ApJ...792...51I},
      adsnote = {Provided by the SAO/NASA Astrophysics Data System}
}

@article{wa06300n,
  author={Way, M. J. and Foster, L. V. and Gazis, P. R. and Srivastava, A. N.},
  title={New approaches to Gaussian process regression in the Sloan Digital Sky Survey},
  year={2009},
  journal={Astrophys. J.},
  volume={706},
  pages={623--636},
  doi={10.1088/0004-637X/706/1/623},
}

@ARTICLE{2018MNRAS.474.2094A,
       author = {{Angus}, Ruth and {Morton}, Timothy and {Aigrain}, Suzanne and
         {Foreman-Mackey}, Daniel and {Rajpaul}, Vinesh},
        title = "{Inferring probabilistic stellar rotation periods using Gaussian processes}",
      journal = {\mnras},
     keywords = {methods: data analysis, methods: statistical, techniques: photometric, stars: rotation, stars: solar-type, starspots, Astrophysics - Solar and Stellar Astrophysics, Astrophysics - Instrumentation and Methods for Astrophysics},
         year = "2018",
        month = "Feb",
       volume = {474},
       number = {2},
        pages = {2094-2108},
          doi = {10.1093/mnras/stx2109},
archivePrefix = {arXiv},
       eprint = {1706.05459},
 primaryClass = {astro-ph.SR},
       adsurl = {https://ui.adsabs.harvard.edu/abs/2018MNRAS.474.2094A},
      adsnote = {Provided by the SAO/NASA Astrophysics Data System}
}

@article{10.1093/mnras/stw2417,
    author = {McAllister, M. J. and Littlefair, S. P. and Dhillon, V. S. and Marsh, T. R. and Ashley, R. P. and Bours, M. C. P. and Breedt, E. and Hardy, L. K. and Hermes, J. J. and Kengkriangkrai, S. and Kerry, P. and Rattanasoon, S. and Sahman, D. I.},
    title = "{Using Gaussian processes to model light curves in the presence of flickering: the eclipsing cataclysmic variable ASASSN-14ag}",
    journal = {Monthly Notices of the Royal Astronomical Society},
    volume = {464},
    number = {2},
    pages = {1353-1364},
    year = {2016},
    month = {09},
    abstract = "{.}",
    issn = {0035-8711},
    doi = {10.1093/mnras/stw2417},
    url = {https://doi.org/10.1093/mnras/stw2417},
    eprint = {http://oup.prod.sis.lan/mnras/article-pdf/464/2/1353/8334732/stw2417.pdf},
}


@ARTICLE{2012MNRAS.419.2683G,
       author = {{Gibson}, N.~P. and {Aigrain}, S. and {Roberts}, S. and {Evans}, T.~M. and
         {Osborne}, M. and {Pont}, F.},
        title = "{A Gaussian process framework for modelling instrumental systematics: application to transmission spectroscopy}",
      journal = {\mnras},
     keywords = {methods: data analysis, techniques: spectroscopic, stars: individual: HD 189733, planetary systems, Astrophysics - Earth and Planetary Astrophysics},
         year = "2012",
        month = "Jan",
       volume = {419},
       number = {3},
        pages = {2683-2694},
          doi = {10.1111/j.1365-2966.2011.19915.x},
archivePrefix = {arXiv},
       eprint = {1109.3251},
 primaryClass = {astro-ph.EP},
       adsurl = {https://ui.adsabs.harvard.edu/abs/2012MNRAS.419.2683G},
      adsnote = {Provided by the SAO/NASA Astrophysics Data System}
}

@article{10.1093/mnras/stv1428,
    author = {Rajpaul, V. and Aigrain, S. and Osborne, M. A. and Reece, S. and Roberts, S.},
    title = "{A Gaussian process framework for modelling stellar activity signals in radial velocity data}",
    journal = {Monthly Notices of the Royal Astronomical Society},
    volume = {452},
    number = {3},
    pages = {2269-2291},
    year = {2015},
    month = {07},
    abstract = "{.}",
    issn = {0035-8711},
    doi = {10.1093/mnras/stv1428},
    url = {https://doi.org/10.1093/mnras/stv1428},
    eprint = {http://oup.prod.sis.lan/mnras/article-pdf/452/3/2269/4912584/stv1428.pdf},
}

@ARTICLE{1987MNRAS.226..655B,
   author = {{Bond}, J.~R. and {Efstathiou}, G.},
    title = "{The statistics of cosmic background radiation fluctuations}",
  journal = {\mnras},
 keywords = {Computational Astrophysics, Cosmology, Radiation Distribution, Relic Radiation, Statistical Analysis, Angular Correlation, Anisotropy, Correlation, Dark Matter, Power Spectra},
     year = 1987,
    month = jun,
   volume = 226,
    pages = {655-687},
      doi = {10.1093/mnras/226.3.655},
   adsurl = {https://ui.adsabs.harvard.edu/abs/1987MNRAS.226..655B},
  adsnote = {Provided by the SAO/NASA Astrophysics Data System}
}


@ARTICLE{1999CoScE...1...21B,
   author = {{Bond}, J.~R. and {Crittenden}, R.~G. and {Jaffe}, A.~H. and 
	{Knox}, L.},
    title = "{Computing challenges of the cosmic microwave background.}",
  journal = {Comput.~Sci.~Eng., Vol.~1, No.~2, p.~21 - 35},
 keywords = {Cosmic Microwave Background: Computing},
     year = 1999,
    month = apr,
   volume = 1,
    pages = {21-35},
   adsurl = {https://ui.adsabs.harvard.edu/abs/1999CoScE...1...21B},
  adsnote = {Provided by the SAO/NASA Astrophysics Data System}
}

@article{PhysRevD.67.023001,
  title = {Fast, exact CMB power spectrum estimation for a certain class of observational strategies},
  author = {Wandelt, Benjamin D. and Hansen, Frode K.},
  journal = {Phys. Rev. D},
  volume = {67},
  issue = {2},
  pages = {023001},
  numpages = {9},
  year = {2003},
  month = {Jan},
  publisher = {American Physical Society},
  doi = {10.1103/PhysRevD.67.023001},
  url = {https://link.aps.org/doi/10.1103/PhysRevD.67.023001}
}


@ARTICLE{2014MNRAS.443.2517H,
       author = {{Haywood}, R.~D. and {Collier Cameron}, A. and {Queloz}, D. and
         {Barros}, S.~C.~C. and {Deleuil}, M. and {Fares}, R. and {Gillon}, M. and
         {Lanza}, A.~F. and {Lovis}, C. and {Moutou}, C. and {Pepe}, F. and
         {Pollacco}, D. and {Santerne}, A. and {S{\'e}gransan}, D. and
         {Unruh}, Y.~C.},
        title = "{Planets and stellar activity: hide and seek in the CoRoT-7 system}",
      journal = {\mnras},
     keywords = {techniques: radial velocities, stars: activity, stars: individual: CoRoT-7, planetary systems, Astrophysics - Earth and Planetary Astrophysics, Astrophysics - Solar and Stellar Astrophysics},
         year = "2014",
        month = "Sep",
       volume = {443},
       number = {3},
        pages = {2517-2531},
          doi = {10.1093/mnras/stu1320},
archivePrefix = {arXiv},
       eprint = {1407.1044},
 primaryClass = {astro-ph.EP},
       adsurl = {https://ui.adsabs.harvard.edu/abs/2014MNRAS.443.2517H},
      adsnote = {Provided by the SAO/NASA Astrophysics Data System}
}

@ARTICLE{2015ApJ...800...46B,
       author = {{Barclay}, Thomas and {Endl}, Michael and {Huber}, Daniel and
         {Foreman-Mackey}, Daniel and {Cochran}, William D. and
         {MacQueen}, Phillip J. and {Rowe}, Jason F. and {Quintana}, Elisa V.},
        title = "{Radial Velocity Observations and Light Curve Noise Modeling Confirm that Kepler-91b is a Giant Planet Orbiting a Giant Star}",
      journal = {\apj},
     keywords = {methods: data analysis, methods: statistical, planetary systems, stars: individual: Kepler-91 KIC 8219268 KOI-2133, techniques: photometric, techniques: radial velocities, Astrophysics - Earth and Planetary Astrophysics},
         year = "2015",
        month = "Feb",
       volume = {800},
       number = {1},
          eid = {46},
        pages = {46},
          doi = {10.1088/0004-637X/800/1/46},
archivePrefix = {arXiv},
       eprint = {1408.3149},
 primaryClass = {astro-ph.EP},
       adsurl = {https://ui.adsabs.harvard.edu/abs/2015ApJ...800...46B},
      adsnote = {Provided by the SAO/NASA Astrophysics Data System}
}

@article{Czekala_2015,
	doi = {10.1088/0004-637x/812/2/128},
	url = {https://doi.org/10.1088%2F0004-637x%2F812%2F2%2F128},
	year = 2015,
	month = {oct},
	publisher = {{IOP} Publishing},
	volume = {812},
	number = {2},
	pages = {128},
	author = {Ian Czekala and Sean M. Andrews and Kaisey S. Mandel and David W. Hogg and Gregory M. Green},
	title = {{CONSTRUCTING} A {FLEXIBLE} {LIKELIHOOD} {FUNCTION} {FOR} {SPECTROSCOPIC} {INFERENCE}},
	journal = {The Astrophysical Journal},
	abstract = {.}
}

@ARTICLE{2015MNRAS.451..680E,
       author = {{Evans}, Thomas M. and {Aigrain}, Suzanne and {Gibson}, Neale and
         {Barstow}, Joanna K. and {Amundsen}, David S. and {Tremblin}, Pascal and
         {Mourier}, Pierre},
        title = "{A uniform analysis of HD 209458b Spitzer/IRAC light curves with Gaussian process models}",
      journal = {\mnras},
     keywords = {methods: data analysis, planets and satellites: atmospheres, planets and satellites: general, stars: individual: HD 209458, Astrophysics - Earth and Planetary Astrophysics},
         year = "2015",
        month = "Jul",
       volume = {451},
       number = {1},
        pages = {680-694},
          doi = {10.1093/mnras/stv910},
archivePrefix = {arXiv},
       eprint = {1504.05942},
 primaryClass = {astro-ph.EP},
       adsurl = {https://ui.adsabs.harvard.edu/abs/2015MNRAS.451..680E},
      adsnote = {Provided by the SAO/NASA Astrophysics Data System}
}

@ARTICLE{2015Natur.526..546V,
   author = {{Vanderburg}, A. and {Johnson}, J.~A. and {Rappaport}, S. and 
	{Bieryla}, A. and {Irwin}, J. and {Lewis}, J.~A. and {Kipping}, D. and 
	{Brown}, W.~R. and {Dufour}, P. and {Ciardi}, D.~R. and {Angus}, R. and 
	{Schaefer}, L. and {Latham}, D.~W. and {Charbonneau}, D. and 
	{Beichman}, C. and {Eastman}, J. and {McCrady}, N. and {Wittenmyer}, R.~A. and 
	{Wright}, J.~T.},
    title = "{A disintegrating minor planet transiting a white dwarf}",
  journal = {\nat},
archivePrefix = "arXiv",
   eprint = {1510.06387},
 primaryClass = "astro-ph.EP",
     year = 2015,
    month = oct,
   volume = 526,
    pages = {546-549},
      doi = {10.1038/nature15527},
   adsurl = {https://ui.adsabs.harvard.edu/abs/2015Natur.526..546V},
  adsnote = {Provided by the SAO/NASA Astrophysics Data System}
}

@ARTICLE{2016MNRAS.459.2408A,
   author = {{Aigrain}, S. and {Parviainen}, H. and {Pope}, B.~J.~S.},
    title = "{K2SC: flexible systematics correction and detrending of K2 light curves using Gaussian process regression}",
  journal = {\mnras},
archivePrefix = "arXiv",
   eprint = {1603.09167},
 primaryClass = "astro-ph.SR",
 keywords = {methods: data analysis, planetary systems, stars: rotation},
     year = 2016,
    month = jul,
   volume = 459,
    pages = {2408-2419},
      doi = {10.1093/mnras/stw706},
   adsurl = {https://ui.adsabs.harvard.edu/abs/2016MNRAS.459.2408A},
  adsnote = {Provided by the SAO/NASA Astrophysics Data System}
}

@ARTICLE{2016MNRAS.456L...6R,
   author = {{Rajpaul}, V. and {Aigrain}, S. and {Roberts}, S.},
    title = "{Ghost in the time series: no planet for Alpha Cen B}",
  journal = {\mnras},
archivePrefix = "arXiv",
   eprint = {1510.05598},
 primaryClass = "astro-ph.EP",
 keywords = {methods: data analysis, techniques: radial velocities, stars: activity, stars: individual: Alpha Cen B, planetary systems},
     year = 2016,
    month = feb,
   volume = 456,
    pages = {L6-L10},
      doi = {10.1093/mnrasl/slv164},
   adsurl = {https://ui.adsabs.harvard.edu/abs/2016MNRAS.456L...6R},
  adsnote = {Provided by the SAO/NASA Astrophysics Data System}
}

@ARTICLE{2017MNRAS.466.4250L,
       author = {{Littlefair}, S.~P. and {Burningham}, B. and {Helling}, Ch.},
        title = "{Robust detection of quasi-periodic variability: a HAWK-I mini survey of late-T dwarfs}",
      journal = {\mnras},
     keywords = {Stars: brown dwarfs, brown dwarfs, Astrophysics - Solar and Stellar Astrophysics},
         year = "2017",
        month = "Apr",
       volume = {466},
       number = {4},
        pages = {4250-4258},
          doi = {10.1093/mnras/stw3376},
archivePrefix = {arXiv},
       eprint = {1703.01245},
 primaryClass = {astro-ph.SR},
       adsurl = {https://ui.adsabs.harvard.edu/abs/2017MNRAS.466.4250L},
      adsnote = {Provided by the SAO/NASA Astrophysics Data System}
}

@book{3569,
  title = {Gaussian Processes for Machine Learning},
  author = {Rasmussen, CE. and Williams, CKI.},
  pages = {248},
  series = {Adaptive Computation and Machine Learning},
  publisher = {MIT Press},
  organization = {Max-Planck-Gesellschaft},
  school = {Biologische Kybernetik},
  address = {Cambridge, MA, USA},
  month = jan,
  year = {2006},
  month_numeric = {1}
}

@article{article,
author = {Roberts, Stephen and Osborne, Michael and Ebden, Mark and Reece, Steven and Gibson, N and Aigrain, S},
year = {2013},
month = {02},
pages = {20110550},
title = {Gaussian processes for time-series modelling},
volume = {371},
journal = {Philosophical transactions. Series A, Mathematical, physical, and engineering sciences},
doi = {10.1098/rsta.2011.0550}
}

@article{celerite,
    author = {{Foreman-Mackey}, D. and {Agol}, E. and {Angus}, R. and
              {Ambikasaran}, S.},
     title = {Fast and scalable Gaussian process modeling
              with applications to astronomical time series},
      year = {2017},
   journal = {ArXiv},
       url = {https://arxiv.org/abs/1703.09710}
}

%is this Sun et al (2017)
@ARTICLE{2018arXiv180604326S,
       author = {{Sun}, Shengyang and {Zhang}, Guodong and {Wang}, Chaoqi and
         {Zeng}, Wenyuan and {Li}, Jiaman and {Grosse}, Roger},
        title = "{Differentiable Compositional Kernel Learning for Gaussian Processes}",
      journal = {arXiv e-prints},
     keywords = {Computer Science - Machine Learning, Statistics - Machine Learning},
         year = "2018",
        month = "Jun",
          eid = {arXiv:1806.04326},
        pages = {arXiv:1806.04326},
archivePrefix = {arXiv},
       eprint = {1806.04326},
 primaryClass = {cs.LG},
       adsurl = {https://ui.adsabs.harvard.edu/abs/2018arXiv180604326S},
      adsnote = {Provided by the SAO/NASA Astrophysics Data System}
}

@article{george_stil_keller_2012, title={Detection Thresholds and Bias Correction in Polarized Intensity}, volume={29}, DOI={10.1071/AS11027}, number={3}, journal={Publications of the Astronomical Society of Australia}, publisher={Cambridge University Press}, author={George, Samuel J. and Stil, Jeroen M. and Keller, Ben W.}, year={2012}, pages={214–220}}

@ARTICLE{2009IEEEP..97.1522J,
   author = {{Jonas}, J.~L.},
    title = "{MeerKAT - The South African Array With Composite Dishes and Wide-Band Single Pixel Feeds}",
  journal = {IEEE Proceedings},
     year = 2009,
    month = aug,
   volume = 97,
    pages = {1522-1530},
      doi = {10.1109/JPROC.2009.2020713},
   adsurl = {https://ui.adsabs.harvard.edu/abs/2009IEEEP..97.1522J},
  adsnote = {Provided by the SAO/NASA Astrophysics Data System}
}


@ARTICLE{5136190,
author={P. E. {Dewdney} and P. J. {Hall} and R. T. {Schilizzi} and T. J. L. W. {Lazio}},
journal={Proceedings of the IEEE},
title={The Square Kilometre Array},
year={2009},
volume={97},
number={8},
pages={1482-1496},
keywords={antennas;radiotelescopes;Square Kilometre Array;ultrasensitive radio telescope;Universe;antennas;Radio astronomy;Telescopes;Space technology;Physics;Probes;Apertures;History;Observatories;Electromagnetic spectrum;Africa;Aperture synthesis;digital correlator;digital data transmission;digital signal processing;Fourier imaging;low-noise amplifier;radio astronomy;radio telescope},
doi={10.1109/JPROC.2009.2021005},
ISSN={0018-9219},
month={Aug},}

@article{Justin,
author = {Justin L. Jonas},
year = {2016},
month = {05},
pages = {},
title = {The MeerKAT Radio Telescope},
volume = {.},
journal = {.},
doi = {.}
}

@article{Jarvis:2017aml,
      author         = "Jarvis, Matt J. and others",
      title          = "{The MeerKAT International GHz Tiered Extragalactic
                        Exploration (MIGHTEE) Survey}",
      booktitle      = "{Proceedings, MeerKAT Science: On the Pathway to the SKA
                        (MeerKAT2016): Stellenbosch, South Africa, May 25-27,
                        2016}",
      journal        = "PoS",
      volume         = "MeerKAT2016",
      year           = "2018",
      pages          = "006",
      doi            = "10.22323/1.277.0006",
      eprint         = "1709.01901",
      archivePrefix  = "arXiv",
      primaryClass   = "astro-ph.GA",
      SLACcitation   = "%%CITATION = ARXIV:1709.01901;%%"
}


@article{Taylor_2017,
	doi = {10.1088/1757-899x/198/1/012014},
	url = {https://doi.org/10.1088%2F1757-899x%2F198%2F1%2F012014},
	year = 2017,
	month = {may},
	publisher = {{IOP} Publishing},
	volume = {198},
	pages = {012014},
	author = {A Russ Taylor and Matt Jarvis},
	title = {{MIGHTEE}: The {MeerKAT} International {GHz} Tiered Extragalactic Exploration},
	journal = {{IOP} Conference Series: Materials Science and Engineering},
	abstract = {.}
}


@article{doi:10.1177/0049124104268644,
author = {Kenneth P. Burnham and David R. Anderson},
title ={Multimodel Inference: Understanding AIC and BIC in Model Selection},
journal = {Sociological Methods \& Research},
volume = {33},
number = {2},
pages = {261-304},
year = {2004},
doi = {10.1177/0049124104268644},

URL = { 
        https://doi.org/10.1177/0049124104268644
    
},
eprint = { 
        https://doi.org/10.1177/0049124104268644
    
}
,
    abstract = { . }
}

@ARTICLE{1978AnSta...6..461S,
   author = {{Schwarz}, G.},
    title = "{Estimating the Dimension of a Model}",
  journal = {Annals of Statistics},
     year = 1978,
    month = jul,
   volume = 6,
    pages = {461-464},
   adsurl = {https://ui.adsabs.harvard.edu/abs/1978AnSta...6..461S},
  adsnote = {Provided by the SAO/NASA Astrophysics Data System}
}

@ARTICLE{dezotti,
       author = {{de Zotti}, Gianfranco and {Massardi}, Marcella and {Negrello}, Mattia and
         {Wall}, Jasper},
        title = "{Radio and millimeter continuum surveys and their astrophysical implications}",
      journal = {\aapr},
     keywords = {Radio continuum: galaxies, Galaxies: active, Galaxies: starburst, Galaxies: statistics, Quasars: general, Astrophysics - Cosmology and Nongalactic Astrophysics, Astrophysics - Astrophysics of Galaxies},
         year = 2010,
        month = feb,
       volume = {18},
       number = {1-2},
        pages = {1-65},
          doi = {10.1007/s00159-009-0026-0},
archivePrefix = {arXiv},
       eprint = {0908.1896},
 primaryClass = {astro-ph.CO},
       adsurl = {https://ui.adsabs.harvard.edu/abs/2010A&ARv..18....1D},
      adsnote = {Provided by the SAO/NASA Astrophysics Data System}
}

@ARTICLE{stil_2014,
       author = {{Stil}, J.~M. and {Keller}, B.~W. and {George}, S.~J. and
         {Taylor}, A.~R.},
        title = "{Degree of Polarization and Source Counts of Faint Radio Sources from Stacking Polarized Intensity}",
      journal = {\apj},
     keywords = {galaxies: statistics, magnetic fields, methods: data analysis, polarization, radio continuum: galaxies, Astrophysics - Astrophysics of Galaxies},
         year = 2014,
        month = jun,
       volume = {787},
       number = {2},
          eid = {99},
        pages = {99},
          doi = {10.1088/0004-637X/787/2/99},
archivePrefix = {arXiv},
       eprint = {1404.1859},
 primaryClass = {astro-ph.GA},
       adsurl = {https://ui.adsabs.harvard.edu/abs/2014ApJ...787...99S},
      adsnote = {Provided by the SAO/NASA Astrophysics Data System}
}

